
    <marc:record>
        <marc:leader>11111nam a2200553ui 4500</marc:leader>
        <marc:controlfield tag="001">relator-test3</marc:controlfield>
        <marc:datafield tag="100" ind1="1" ind2=" ">
            <marc:subfield code="a">Boulanger, John,</marc:subfield>
            <marc:subfield code="d">1965-</marc:subfield>
        </marc:datafield>
        <marc:datafield tag="700" ind1="1" ind2=" ">
            <marc:subfield code="a">Williams, Judy</marc:subfield>
            <marc:subfield code="c">(Wildlife manager),</marc:subfield>
            <marc:subfield code="e">joint author.</marc:subfield>
        </marc:datafield>
    </marc:record>