
    <marc:record>
        <marc:leader>11111nam a2200553ui 4500</marc:leader>
        <marc:controlfield tag="001">relator-test4</marc:controlfield>
        <marc:datafield tag="110" ind1="2" ind2=" ">
            <marc:subfield code="a">University of Washington.</marc:subfield>
        </marc:datafield>
        <marc:datafield tag="710" ind1="2" ind2=" ">
            <marc:subfield code="a">Gay, Lesbian, and Straight Education Network,</marc:subfield>
            <marc:subfield code="e">publisher.</marc:subfield>
        </marc:datafield>
        <marc:datafield tag="710" ind1="2" ind2=" ">
            <marc:subfield code="a">National Queer Asian Pacific Islander Alliance,</marc:subfield>
            <marc:subfield code="e">joint author,</marc:subfield>
            <marc:subfield code="e">joint issuing body.</marc:subfield>
        </marc:datafield>
    </marc:record>
    <marc:record>
        <marc:leader>11111nam a2200553ui 4500</marc:leader>
        <marc:controlfield tag="001">relator-test5</marc:controlfield>
        <marc:datafield tag="700" ind1="1" ind2=" ">
            <marc:subfield code="a">Williams, Judy</marc:subfield>
            <marc:subfield code="c">(Wildlife manager),</marc:subfield>
        </marc:datafield>
    </marc:record>