
    <marc:record>
        <marc:leader>11111nam a2200553ui 4500</marc:leader>
        <marc:controlfield tag="001">relator-test6</marc:controlfield>
        <marc:datafield tag="100" ind1="1" ind2=" ">
            <marc:subfield code="a">Oskolkoff, Ruth Ann,</marc:subfield>
            <marc:subfield code="4">no match</marc:subfield>
        </marc:datafield>
    </marc:record>
    <marc:record>
        <marc:leader>11111nam a2200553ui 4500</marc:leader>
        <marc:controlfield tag="001">relator-test7</marc:controlfield>
        <marc:datafield tag="710" ind1="2" ind2=" ">
            <marc:subfield code="a">Emporia State University.</marc:subfield>
            <marc:subfield code="b">Department of Biological Sciences,</marc:subfield>
            <marc:subfield code="4">http://fakeiri.org/fake</marc:subfield>
        </marc:datafield>
    </marc:record>
    <marc:record>
        <marc:leader>11111nam a2200553ui 4500</marc:leader>
        <marc:controlfield tag="001">relator-test8</marc:controlfield>
        <marc:datafield tag="710" ind1="1" ind2=" ">
            <marc:subfield code="a">Northwest Territories.</marc:subfield>
            <marc:subfield code="b">Department of Environment and Natural Resources,</marc:subfield>
            <marc:subfield code="e">issuing corporate body.</marc:subfield>
            <marc:subfield code="4">http://rdaregistry.info/Elements/m/P30420</marc:subfield>
        </marc:datafield>
    </marc:record>