
    <marc:record>
        <marc:leader>11111nam a2200553ui 4500</marc:leader>
        <marc:controlfield tag="001">relator-test9</marc:controlfield>
        <marc:datafield tag="111" ind1="2" ind2=" ">
            <marc:subfield code="a">ACM-SIAM Symposium on Discrete Algorithms,</marc:subfield>
            <marc:subfield code="j">author.</marc:subfield>
        </marc:datafield>
        <marc:datafield tag="711" ind1="2" ind2=" ">
            <marc:subfield code="a">Elora Festival.</marc:subfield>
            <marc:subfield code="4">prf</marc:subfield>
        </marc:datafield>
    </marc:record>
    <marc:record>
        <marc:leader>11111nam a2200553ui 4500</marc:leader>
        <marc:controlfield tag="001">relator-test9</marc:controlfield>
        <marc:datafield tag="711" ind1="2" ind2=" ">
            <marc:subfield code="a">Elora Festival.</marc:subfield>
            <marc:subfield code="4">http://id.loc.gov/vocabulary/relators/prf</marc:subfield>
        </marc:datafield>
    </marc:record>
    <marc:record>
        <marc:leader>11111nam a2200553ui 4500</marc:leader>
        <marc:controlfield tag="001">relator-test10</marc:controlfield>
        <marc:datafield tag="711" ind1="2" ind2=" ">
            <marc:subfield code="a">Elora Festival.</marc:subfield>
            <marc:subfield code="4">http://rdaregistry.info/Elements/u/P60387</marc:subfield>
        </marc:datafield>
    </marc:record>
    <marc:record>
        <marc:leader>11111nam a2200553ui 4500</marc:leader>
        <marc:controlfield tag="001">relator-testItem</marc:controlfield>
        <marc:datafield tag="700" ind1="1" ind2=" ">
            <marc:subfield code="a">Item, Test</marc:subfield>
            <marc:subfield code="4">sgn</marc:subfield>
        </marc:datafield>
    </marc:record>
</marc:collection>